@misc{AIbook,
  title={Artificial intelligence: a modern approach, Third Edition (chap 9)},
  author={Russell, Stuart and Norvig, Peter},
  year={2010},
  publisher={Prentice Hall}
}
